[gd_scene load_steps=4 format=2]

[ext_resource path="res://scenes/obstacle.tscn" type="PackedScene" id=1]
[ext_resource path="res://scenes/mover.tscn" type="PackedScene" id=2]
[ext_resource path="res://scenes/target.tscn" type="PackedScene" id=3]

[node name="test_level" type="Node2D"]
__meta__ = {
"_edit_horizontal_guides_": [ -999.872, -2000.4, -2994.69 ],
"_edit_vertical_guides_": [ 600.344 ]
}

[node name="target" parent="." instance=ExtResource( 3 )]
position = Vector2( 300, -3000 )

[node name="obstacle" parent="." instance=ExtResource( 1 )]
position = Vector2( 3.30054, 336.167 )

[node name="obstacle9" parent="." instance=ExtResource( 1 )]
position = Vector2( -5.32153, -2457.36 )

[node name="obstacle5" parent="." instance=ExtResource( 1 )]
position = Vector2( -150, -1704.47 )

[node name="obstacle6" parent="." instance=ExtResource( 1 )]
position = Vector2( 750, -1704.47 )

[node name="obstacle3" parent="." instance=ExtResource( 1 )]
position = Vector2( 254.432, -408.877 )
scale = Vector2( 0.4, 1 )

[node name="obstacle7" parent="." instance=ExtResource( 1 )]
position = Vector2( 300, -2041.88 )
scale = Vector2( 0.4, 1 )

[node name="obstacle2" parent="." instance=ExtResource( 1 )]
position = Vector2( 598.132, -6.31158 )

[node name="obstacle8" parent="." instance=ExtResource( 1 )]
position = Vector2( 589.51, -2799.84 )

[node name="obstacle4" parent="." instance=ExtResource( 1 )]
position = Vector2( 300, -1175.23 )
rotation = 1.5708

[node name="mover" parent="." instance=ExtResource( 2 )]
position = Vector2( 160.617, -705.748 )
speed = 80.0

[node name="mover2" parent="." instance=ExtResource( 2 )]
position = Vector2( 296.617, -2153.75 )
speed = 80.0
